2479 3508
140 783 2289 184 Hao Chang, Liang Ch’i-ch'ao and Cultural Transition

8 891 2421 202 in China (1971). Joseph Esherick, Reform and Revolution

11 1014 2418 190 in China: The 1911 Revolution in Hunan and Hubei

35 1140 2388 187 (1976). John K. Fairbank, Trade and Diplomacy on the

20 1259 2362 173 China Coast: The Opening of the Treaty Ports, 1842-

29 1388 2385 175 1854 (1953). Ping-ti Ho, Studies on the Population of

20 1505 2406 175 China, 1368-1953 (1959). Immanuel C. Y. Hsu, The Rise

14 1625 2406 175 of Modern China (2d ed., 1975). Arthur W. Hummel, ed.,

17 1754 2400 157 Eminent Chinese of the Ch’ing Period, 1644-1912, 2 vols.

35 1873 2379 161 (1943-1944). Daniel L. Overmyer, Folk Buddhist Reli¬

17 2002 2397 143 gion: Dissenting Sects in Late Traditional China (1976).

17 2113 2403 158 Dwight H. Perkins, Agricultural Development in China,

20 2242 2388 143 1368-1968 (1969). Denis Twitchett and John K.

14 2359 2397 137 Fairbank, eds., The Cambridge History of China (1978-).

14 2478 2409 147 Mary Clabaugh Wright, ed., China in Revolution: The

17 2601 824 190 First Phase (1968).

1525 2616 927 175 ROBERT ENTENMANN
