2479 3508
672 23 1181 73 of Wu and other Chinese generals, the Manchus

672 87 1184 70 overran North China and easily defeated the divided

666 146 1178 76 resistance. Initially meeting with little opposition,

666 207 1187 73 the Manchus won te allegiance of government of¬

669 263 1187 87 ficials and local gentry, many of whom welcomed

663 333 1184 70 the Qing as deliverance from banditry and rebellion.

663 382 1190 82 In October 1644 the Qing capital was transferred

666 458 249 79 to Beijing.

722 511 1131 76 The conquest of South China was much more

663 575 1190 82 prolonged. The Ming government there had not

663 634 1193 85 been destroyed by rebellion. Several Ming loyalist

657 692 1196 88 regimes vied for succession, and one controlled parts

657 768 1190 76 of southwest China for fifteen years. Zheng Cheng-

657 830 1193 76 gong (1624-1662), also known as Koxinga, led a

654 888 1199 79 sustained Ming loyalist movement on the southeast

654 958 1196 71 coast and Taiwan. In 1673 Wu Sangui and two other

651 1017 1190 73 Chinese generals, Shang Kexi and Geng Jimao, re¬

651 1072 1193 88 belled and set up separatist regimes in the south.

657 1140 1193 79 This rebellion was quelled in 1681. Two years later

654 1198 1196 82 the Qing conquered Taiwan and defeated the last

651 1259 1190 88 Ming resistance. [See also Li Zicheng; Zheng Cheng-

657 1335 1187 76 gong; Wu Sangui; Shang Kexi; and Three Feuda¬

651 1388 416 88 tories Rebellion.]

698 1452 1149 82 Qing Government. The Qing dynasty became

646 1514 1192 87 more sinicized under the Shunzhi emperor (r. 1644-

648 1578 1199 85 1661). The first Manchu monarch to master the

646 1645 1192 91 Chinese language, he revived the Hanlin Academy,

643 1707 1198 82 a stronghold of Confucian scholarship and ortho¬

643 1777 1201 79 doxy, and relied greatly on Chinese officials and

637 1838 1201 85 eunuchs. The pendulum swung back toward Man¬

640 1906 1204 76 chu control upon his death. His seven-year-old son

637 1970 1198 73 was chosen to rule as the Kangxi emperor (r. 1661-

640 2028 1192 91 1722), aided by a regency of four Manchu princes.

634 2093 1207 84 After Kangxi assumed personal power in 1669, he

631 2160 1213 88 institutionalized the privileged position of Manchus

628 2224 1210 79 by reserving for them top positions in the bureau¬

628 2286 1216 87 cracy. Each of the Six Boards had one Chinese and

625 2353 1213 87 one Manchu minister: only half of the grand sec¬

628 2417 1216 82 retaries were Chinese. Although Chinese were often

628 2476 1219 87 appointed provincial governors and filled almost all

619 2540 1222 96 lower positions, they were generally supervised by

619 2616 1225 91 Manchu, Mongol, or Chinese bannermen serving as

622 2686 1114 88 governors-general. [Seee also Kangxi Emperor.]

675 2747 1175 91 Qing government followed Ming administrative

616 2821 1228 84 practices, with some minor modifications. Each of

616 2888 1228 79 the eighteen provinces was administered by a gov¬

613 2955 1228 91 ernor. He was supervised by a governor-general,

608 3016 1254 91 who usually oversaw two provinces. Below the pro¬

610 3084 1231 93 vincial administration was a hierarchy of circuits,

608 3145 1239 99 prefectures, and districts. The district magistrate,

608 3221 1236 88 representing the lowest level of formal government,

610 3285 1234 100 was aided in his duties by local gentry, mostly degree

608 3350 637 87 holders and their families.
