2479 3508
14 111 1155 102 and administrative deterioration, and it hastened the

5 169 1158 99 fiscal and military decline ot the dynasty. As a result,

8 230 1158 109 the Qing was already weakened when challenged by

5 298 491 76 te Western powers.

52 347 1114 106 Relations with the West. Until the nineteenth

5 412 1161 102 century, Sino-Western contact posed little threat to

8 479 1158 96 te Qing. As it expanded into Inner Asia, the Qing

8 543 1158 91 met Russian continental expansion; after some mi¬

8 599 1158 99 nor conflicts, however, the two empires signed the

11 660 1158 100 treaties of Nerchinsk (1689) and Kiakhta (1727) to

11 730 895 82 regulate trade and define their borders.

61 783 1114 91 Western maritime trade with China began early

11 850 1155 85 in the sixteenth century with the arrival ot Portu¬

11 909 1167 93 guese and Dutch ships on the southeast coast. By

20 976 1155 91 1760 the Qing government had restricted Western

8 1037 1167 91 maritime trade to Canton (Guangzhou). European

8 1102 1164 90 merchants were permitted only seasonal residence

11 1157 1158 91 in Canton and allowed to trade only with the Co¬

17 1221 1155 94 hong, a government-chartered merchant guild. [See

14 1292 225 76 Cohong.]

61 1350 1111 91 Great Britain emerged as China’s major Western

20 1420 1152 76 trading partner. The tea trade, monopolized by the

11 1476 1167 87 East India Company, became an important source

17 1543 1161 76 of British revenue. In order to improve Britain's un¬

23 1599 1152 90 favorable balance of payments, the East India Com¬

23 1677 1152 76 my began to grow opium in India and sell it to

32 1736 1149 79 private traders who smuggled it into China. British

20 1789 1155 81 opium trade with China doubled in the 1830s. The

17 1856 1175 73 opium trade was illegal—China outlawed opium, a

29 1923 1146 79 severely addictive and debilitating drug, in 1729.

20 1979 1163 81 Moreover, the opium trade reversed te trade bal¬

14 2043 1172 79 ance, disrupting the Chinese economy. The Qing

26 2107 1160 88 government in 1838 dispatched Commissioner Lin

17 2169 1172 81 Zexu to Canton to suppress the opium trade. British

26 2227 1172 82 resistance sparked the Opium War (1839-1842).

32 2297 777 88 [See Lin Zexu and China Trade.]

73 2356 1110 84 The Treaty System. After three years of warfare,

26 2420 1166 76 China sued for peace and was forced to sign the

23 2478 1166 97 Treaty of Nanjing in 1842. The treaty opened five

23 2543 1175 96 ports to British trade and gave British subjects ex¬

23 2604 1169 88 traterritorial privileges in China. In addition, China

29 2663 1175 102 was required to pay an indemnity and cede the island

23 2736 900 82 of Hong Kong (Xianggang) to Britain.

61 2797 1140 88 Other Western countries soon signed similar trea¬

23 2844 1172 108 ties with China. Each successive treaty expanded

20 2920 1178 102 foreign privileges. Eventually the treaty system

23 2993 1181 94 opened inland waterways, allowed missionaries into

20 3046 1181 102 China’s interior, and deprived China of tariff au¬

17 3113 1178 108 tonomy. After Britain and France defeated China in

20 3183 1187 96 the Second Opium War (also known as the Arrow

23 3244 1187 100 War; 1856-1860), China permitted foreign lega¬

23 3312 1190 102 tions to be established in Beijing for the first time.

20 3367 1155 129 [See Hong Kong; Arrow War; and Treaty Ports.]

1330 152 1040 111 Nineteenth-century Rebellions. The Opium War

1283 201 1093 123 and the shift of trade to treaty ports north of Canton

1277 283 1102 97 disrupted the economy of Guangdong Province.

1277 330 1102 111 Economic dislocation increased popular unrest and

1280 400 1099 105 provided the backdrop to the Taiping Rebellion

1286 453 301 81 (1851-1864).

1335 508 1050 108 The Taiping movement was led by Hong Xiuquan

1289 570 1096 105 (1813-1864),who had been exposed to Christianity

1286 634 1102 99 in Canton. Convinced that he was the younger

1286 689 1099 103 brother ot Jesus, Hong founded a sect and in 1851

1283 765 1119 76 proclaimed the inauguration of the "Heavenly King¬

1283 824 1111 82 dom of Great Peace” (taiping tianguo). His army

1286 885 1111 88 marched north and by 1853 took Nanjing, which

1286 935 617 82 became the Taiping capital.

1338 996 1073 91 Taiping ideology combined elements of Chris¬

1289 1058 1111 90 tianity with Chinese utopian thought. lt envisioned

1289 1128 1111 76 equal distribution of land, sexual equality, and com¬

1289 1189 1119 85 munal property. Taiping social policies prohibited

1292 1254 1108 81 use of opium, slavery, polygamy, and the binding

1292 1318 1116 73 of women’s feet. However, the Taiping movement

1289 1373 1122 74 suffered from internecine warfare; moreover, its re¬

1295 1429 1113 79 ligious intolerance and hostility to much of tradi¬

1297 1502 1117 73 tional culture lost it popular support. Qing loyalists

1292 1561 1137 70 eventually rallied behind provincial armies orga¬

1295 1613 1122 79 nized by Zeng Guofan (1811-1872) and others. The

1295 1677 1122 82 Taipings were suppressed by 1864. [See also Taiping

1295 1736 704 85 Rebellion and Hong Xiuquan.]

1347 1797 1076 76 The Taiping Rebellion coincided with the Nian

1300 1853 1123 82 Rebellion in North China (1853-186́8) and three

1297 1920 1132 70 separate Muslim rebellions: in Yunnan (1856-

1300 1979 1126 79 1872), in Shaanxi and Gansu (1862-1877), and in

1306 2040 1120 79 eastern Turkestan (1864-1878). The Qing sup¬

1300 2090 1132 93 pressed the rebellions at the expense ot te central

1303 2151 1132 99 government’s authority as provincial officials led

1303 2224 1135 76 military operations and won fiscal autonomy. At the

1306 2283 1134 81 same time, Han Chinese officials increased their in¬

1303 2347 1137 85 fluence and the Manchus became less powerful. [See

1303 2405 494 79 also Nian Rebellion.]

1350 2455 1085 99 Self-Strengthening and Imperialism. After 1860

1309 2522 1126 82 the Qing adopted a conciliatory policy toward the

1315 2590 1125 81 West. Under the leadership ot Prince Gong (Gong

1312 2648 1134 85 Yixin; 1833-1898) and Empress Dowager Cixi

1318 2698 1125 99 (1835-1908), the government established the Zong¬

1306 2774 1134 90 li Yamen (a foreign affairs office) and a foreign lan¬

1309 2823 1134 106 guage school. Zeng Guofan and his protégé Li

1306 2897 1134 90 Hongzhang (1823-1901), leaders of the suppression

1312 2955 1137 96 of the Taipings, sought to increase China’s power

1312 3016 1134 103 by introducing Western military technology. This

1321 3078 1122 102 effort, known as the Self-Strengthening Movement,

1315 3139 1143 102 resulted in establishment of te Jiangnan Arsenal

1327 3201 1128 114 (1854) and the Fuzhou Shipyard. Eventually, the

1318 3268 1125 102 movement also promoted industrial development.

1324 3323 1125 132 Several enterprises were established under govern¬

1759 29 418 85 QING DYNASTY
