2479 3508
122 64 97 85 308

114 178 1087 102 ment supervision and with private capital. [See also

119 245 1088 91 Gong Yixin; Empress Dowager; Zongli Yamen;

108 312 757 82 Zeng Guofan; and Li Hongzhang.]

160 359 1050 91 The Self-Strengthening Movement failed to in¬

105 420 1096 94 crease China’s milirary strength significantly, how¬

105 467 1102 103 ever. In 1884 French ambitions in Vietnam, a

108 532 1102 90 Chinese protectorate, sparked the Sino-French War

105 590 1105 96 (1884-1885). Poor coordination and leadership re¬

105 646 1096 93 sulted in China’s defeat. Ten years later a clash with

99 704 1099 99 Japan over Korea resulted in the Sino-Japanese War

99 765 1108 91 (1894-1895), which Japan won easily. [See also

102 836 441 79 Sino-Japanese War.]

149 876 1061 94 After China’s defeat, a "scramble for conces¬

93 941 1111 82 sions" ensued. Germany, Russia, France, and Britain

102 1005 1099 82 all forced China to lease ports and recognize foreign

93 1064 1111 79 spheres of influence over Chinese territory. Nominal

93 1125 1111 73 Chinese sovereignty was preserved in the foreign

87 1186 1120 73 areas, mainly because the competing powers

84 1239 1126 70 checked each others ambitions. Nonetheless, im¬

84 1303 1126 79 perialist pressure threatened to destroy China’s

87 1359 1056 79 unity and independence. [See also Imperialism.]

131 1414 1082 82 Late Qing Reform. This crisis brought a group of

87 1482 1120 79 reformers to the attention of the Guangxu emperor

84 1540 1129 82 (r. 1875-1908). Their leader, Kang Youwei (1858-

87 1593 1117 84 1927), reinterpreted Confucianism to sanction rad¬

81 1663 1126 73 ical innovation. In the summer of 1898 the emperor

78 1721 1135 79 issued a series of decrees calling for wide-ranging

81 1777 1132 82 institutional reforms and economie development,

76 1835 1137 79 but official resistance blocked implementation of the

76 1891 1137 82 reforms. In September 1898, conservatives led by

78 1961 1141 79 Empress Dowager Cixi staged a coup d’état. The

76 2020 1131 73 emperor was placed under house arrest; the reform¬

76 2081 789 76 ers fled into exile or were arrested.

128 2139 1079 79 The new conservative government soon threw its

67 2192 1146 85 support behind the Boxers (more properly, Yihe¬

67 2259 1152 76 tuan, "righteous and harmonious society"), a pop¬

73 2315 1140 87 ular movement dedicated to driving Westerners out

67 2373 1149 82 of China. The Boxers occupied Beijing in the sum¬

67 2438 1146 87 mer ot 1900 and besieged the foreign legations

61 2502 1152 76 with the connivance of the Qing government, which

76 2569 1137 79 declared war on the foreign powers. Regional offi¬

67 2631 1146 73 cials in central and southern China, however, ig¬

61 2692 1152 82 nored the declaration of war and maintained

64 2750 1143 85 friendly relations with the powers. An international

61 2806 1146 88 force occupied Beijing in August 1900. In 1901

67 2873 1140 79 China was forced to sign the Boxer Protocol, which

67 2940 1146 82 provided for a foreign military presence in North

64 2996 1149 79 China, punishment for Chinese officials implicated

61 3066 1146 73 in the Boxer movement, and an indemnity. [See also

64 3119 251 82 Yihetuan.]

108 3183 1116 85 The chastened Qing government thereupon un¬

55 3256 1161 76 dertook an extensive reform program, similar in

61 3317 1155 82 many ways to the one aborted in 1898. A new public

52 3370 1169 91 education system was inaugurated, and in 1905 the

339 49 385 91 QING DYNASTY

1306 184 1076 102 civil service examination system, based on the Con¬

1297 225 1085 119 fucian classics, was abolished. The traditional Six

1289 289 1093 111 Boards were replaced with new ministries. Modern

1312 350 1070 103 military academies trained a new officer corps and

1315 406 1064 102 Yuan Shikai (1859-1916) established the Beiyang

1306 467 693 76 Army, a modern military force.

1353 514 1032 114 Japan's defeat of Russia in 1905 appeared to

1315 581 1073 91 prove the superiority of constitutionalism over au¬

1318 637 1070 99 tocracy. The Qing government slowly began to es¬

1312 695 1082 100 tablish representative assemblies. Provincial assem¬

1315 748 1079 105 blies, with advisory functions but not legislative

1315 812 1079 100 powers, were established in 1909. A consultative

1312 874 1079 87 National Assembly met the following year. Never¬

1312 929 1096 91 theless, the Manchu princes controlling de govern¬

1312 996 1099 73 ment moved cautiously and continued to monopo¬

1315 1052 1090 85 lize the highest positions, thereby increasing Chinese

1318 1116 617 76 frustrations and resentment.

1376 1169 1026 88 The Revolution of 1911. In the decade following

1315 1227 1099 82 the Boxer Rebellion, expatriate reformers and rev¬

1309 1289 1108 79 olutionaries vied for support. Kang Youwei, in exile

1312 1344 1093 88 in Japan, remained loyal to the Qing and opposed

1315 1406 1108 79 attempts to overthrow the dynasty. His disciple

1306 1458 1114 91 Liang Qichao (1873-1929) became familiar with

1315 1525 1114 79 Western political ideas and spread them in the jour¬

1318 1593 1105 76 nals he published in Tokyo. [See also Kang Youwei

1309 1642 465 82 and Liang Qichao.]

1371 1704 1058 76 Their most important rival was another Chinese

1315 1774 1128 76 exile, Sun Yat-sen (1866-1925). Sun was a Western-

1312 1832 1128 68 educated Cantonese with ties to overseas Chinese

1315 1885 1128 79 communities. In 1905 Sun established a revolution¬

1312 1946 1131 76 ary organization based in Tokyo, the Tongmenghui

1303 2011 1135 73 (Revolutionary Alliance). He promoted republican¬

1321 2075 1122 70 ism and his "Three Principles of the People" - na¬

1306 2131 1111 76 tionalism, people’s rights, and people’s livelihood.

1365 2198 1078 67 On 10 October 1911 revolutionary soldiers in the

1321 2248 1131 90 Qing army garrison in Wuchang mutinied. The au¬

1309 2315 1134 70 thority of the Qing government rapidly collapsed;

1312 2382 1140 76 provincial assemblies in southern and central China

1315 2438 1128 78 declared their independence from the Manchus, and

1315 2502 1140 79 a provisional government was established in Nan¬

1315 2560 1137 85 jing. Sun Yat-sen returned from a sixteen-year exile

1312 2628 1140 70 to be inaugurated as the first president of the Re¬

1315 2692 389 79 public of China.

1371 2739 1084 87 The Qing court called upon the retired general

1330 2812 1110 76 Yuan Shikai to deal with the revolutionaries. Sun

1321 2864 1125 91 offered to resign the presidency in favor ot Yuan if

1327 2923 1119 102 Yuan were to support the republic. Yuan engineered

1321 2996 1137 88 the abdication of the five-year-old Xuantong em¬

1321 3060 1137 94 peror in February 1912, and accepted the presi¬

1321 3119 1143 96 dency, ending China's two millennia of imperial

1318 3198 120 76 rule.

1373 3244 1094 106 [See also Xinhai Revolution; Xuantong Emperor;

1327 3300 1140 126 Sun Yat-sen; Yuan Shikai; and China, Republic Pe¬

1318 3382 155 85 riod.]
