2479 3508
596 23 1120 117 formal mechanisms for social mobility lagged be¬

605 78 561 88 hind population growth.

666 128 1067 123 Qing Thought and Literature. The trauma of the

602 198 1128 97 Manchu conquest led Chinese scholars to concern

599 254 1137 102 themselves with te causes of Ming collapse. Huang

596 312 1143 103 Zongxi (1610-1695) advocated checks on the

608 374 1134 102 power ot monarchs and delegation of authority; Gu

599 432 1155 108 Yanwu (1612-1682) criticized Neo-Confucian

608 494 1137 99 scholasticism and called for the pursuit of practical

596 558 1152 96 knowledge. Scholars continued to regard the classics

599 619 1152 97 as the basis of all learning. Gradually a "school of

593 681 1158 102 empirical research” (kaozheng xue) emerged, based

599 745 1157 91 on close examination of classical texts and use of

599 806 1146 97 the inductive method. This led to advances in philol¬

608 868 1146 93 ogy and etymology, and also to reassessment of or¬

596 932 1163 91 thodox interpretations of the classics-particularly

599 991 1160 102 by Dai Zhen (1724-1777). [See also Huang Zongxi;

599 1064 1038 73 Gu Yanwu; Dai Zhen; and Kaozheng Xue.]

648 1119 1123 94 The state sponsored and controlled most aca¬

610 1192 1155 73 demic activity. The Qianlong emperor (r. 1736-

605 1251 1157 87 1795) ordered the compilation of the 36,000-vol¬

602 1315 1169 85 ume “Complete Library of the Four Treasuries". At

602 1382 1169 76 the same time, he ordered a literary inquisition to

602 1444 856 76 destroy books regarded as seditious.

646 1505 1131 79 Fiction flourished during the Qing period. Novels

602 1563 1178 82 reached their acme with Honglou meng (The Dream

602 1625 1175 82 of the Red Chamber, also entitled The Story of the

605 1692 1169 79 Stone) by Cao Xueqin (1715?-1763). Another well¬

602 1762 1181 82 known novel of the period is Wu Jingzi's Rulin

602 1812 1181 94 waishi (The Scholars). [See also Chinese Literature;

605 1879 1032 88 Cao Xueqin; Wu Jingzi; and Rulin Waishi.]

648 1949 1141 82 Dynastic Decline. By the end of the eighteenth

605 2017 1184 81 century many of the classic signs of dynastic decline

605 2081 1181 88 had appeared. Administrative deterioration was ex¬

602 2139 1187 91 emplified by the career of Heshen (1750-1799), a

605 2204 1189 99 Manchu courtier who became a favorite of the

602 2262 1184 108 Qianlong emperor and rose rapidly from bodyguard

605 2332 1187 100 to grand councillor. Heshen's high status symbol¬

599 2391 1195 108 ized official corruption and demoralization. [See

602 2467 888 102 also Heshen and Qianlong Emperor.]

651 2534 1146 99 The White Lotus Rebellion, sparked by a mille¬

602 2598 1207 103 narian religious sect, broke out in 1796. The sect

608 2657 1198 114 had won adherents among the volatile and unsettled

605 2727 1201 120 population of west central China, and was moti¬

599 2785 1213 123 vated in part by opposition to official oppression.

608 2861 1204 112 Armed groups such as bandits and smugglers joined

602 2932 1210 111 the uprising, which the regular Qing banner forces

599 2999 1219 128 proved unable to subdue. Eventually the uprising

599 3066 1210 114 was put down by a locally organized militia, and by

605 3130 1210 120 1805 the White Lotus rebels had been annihilated.

622 3224 737 99 [See also White Lotus Society.]

648 3268 1179 120 The rebellion was both a symptom and a cause

602 3338 1213 123 of dynastic decline. It resulted from social pressures
